<?xml version="1.0" encoding="UTF-8"?><collection><record><leader>06388ntm a2200637 a 4500</leader><controlfield tag="001">006796026</controlfield><controlfield tag="003">MiAaHDL</controlfield><controlfield tag="005">20190719000000.0</controlfield><controlfield tag="006">m        d        </controlfield><controlfield tag="007">cr bn ---auaua</controlfield><controlfield tag="008">090521q16971698xx            00| ||ara d</controlfield><datafield tag="035" ind1=" " ind2=" "><subfield code="a">(MiU)006796026</subfield></datafield><datafield tag="035" ind1=" " ind2=" "><subfield code="a">sdr-miu006796026</subfield></datafield><datafield tag="040" ind1=" " ind2=" "><subfield code="a">MiU</subfield><subfield code="c">MiU</subfield><subfield code="e">amremm</subfield></datafield><datafield tag="043" ind1=" " ind2=" "><subfield code="a">n-us-mi</subfield></datafield><datafield tag="100" ind1="1" ind2=" "><subfield code="6">880-01</subfield><subfield code="a">Būṣīrī, Sharaf al-Dīn Muḥammad ibn Saʻīd,</subfield><subfield code="d">1213?-1296?</subfield></datafield><datafield tag="240" ind1="1" ind2="0"><subfield code="6">880-02</subfield><subfield code="a">Burdah</subfield></datafield><datafield tag="245" ind1="1" ind2="3"><subfield code="6">880-03</subfield><subfield code="a">[al-Kawākib al-durrīyah fī madḥ khayr al-barīyah,</subfield><subfield code="f">1109, i.e. 1697 or 1698].</subfield></datafield><datafield tag="246" ind1="3" ind2=" "><subfield code="a">Kaside-yi Bürde</subfield></datafield><datafield tag="260" ind1=" " ind2=" "><subfield code="c">[1697 or 1698].</subfield></datafield><datafield tag="300" ind1=" " ind2=" "><subfield code="a">20 leaves :</subfield><subfield code="b">paper ;</subfield><subfield code="c">250 x 180 (154 x 96) mm.</subfield></datafield><datafield tag="500" ind1=" " ind2=" "><subfield code="a">Shelfmark: Ann Arbor, University of Michigan, Special Collections Library, Isl. Ms. 230</subfield></datafield><datafield tag="500" ind1=" " ind2=" "><subfield code="a">Origin: As appears in colophon on p.38, executed by es-Seyyid Abdullah, known as el-İmam, pupil of Hafız Osman Efendi, with transcription finished in 1109 [1697 or 8].</subfield></datafield><datafield tag="500" ind1=" " ind2=" "><subfield code="a">Former shelfmark: "332 T. De M. [i.e. Tammaro De Marinis]" inscribed in pencil on 'title page' (p.1) ; "118" also inscribed in pencil on 'title page' (p.1).</subfield></datafield><datafield tag="500" ind1=" " ind2=" "><subfield code="a">Binding: Pasteboards covered in olive-tan leather ; Type II binding (with flap) ; pastedowns and flyleaves in purple coated and embossed paper with central gold-painted floral accents and border ; upper and lower covers carry stamped, gold-painted scalloped mandorla (filled with symmetrical vegetal composition over red onlays) and pendants as well as gold guilloché roll border ; design continues on flap ; sewn in yellow thread, four stations ; overall in fair condition with some abrasion, lifting and losses of leather (at foreedge especially), staining, etc.</subfield></datafield><datafield tag="500" ind1=" " ind2=" "><subfield code="a">Support: non-European laid paper with 8-9 laid lines per cm. (vertical or horizontal, contrasting direction for written area and surrounding frame into which it has been set / mounted) and occasional chain lines visible, cloudy formation, crisp and transluscent, well-sized and burnished to glossy ; final leaf in wove paper.</subfield></datafield><datafield tag="500" ind1=" " ind2=" "><subfield code="a">Decoration: Elegant illuminated headpiece (ʻunwān / sarlawḥ) appears at opening on p.2 consisting of a rectangular panel with empty gold cartouche and flanking floral pieces in pink, white, red and orange on fields of gold and blue, surrounded by heavy frame or well in bands of gold and black interlace, white crosses on a red ground, and white crosses on a blue ground, and surmounted by vertical stalks (tīgh) in blue ; written area surrounded by frame in heavy gold band outlined by black fillets with a narrow gold band outlining the panels formed by the layout of alternating line filling the column width and three centered lines.</subfield></datafield><datafield tag="500" ind1=" " ind2=" "><subfield code="a">Script: Exquisite specimen of Ottoman calligraphy ; opening and every fourth line (saṭr or ʻajuz of a particular bayt) in a fine thuluth ; following three lines (ʻajuz or saṭr of continued or following bayt) in naskh ; fully vocalized.</subfield></datafield><datafield tag="500" ind1=" " ind2=" "><subfield code="a">Layout: Written in 9 lines per page with the opening line (the basmalah) and every fourth line thereafter (saṭr or ʻajuz of a particular bayt) filling the column width and the three following lines (ʻajuz or saṭr of continuing or following bayt) centered below.</subfield></datafield><datafield tag="500" ind1=" " ind2=" "><subfield code="a">Collation: i, IV+I (10), IV+2 (20), i ; two anomalous quaternions ; pagination in black ink, Hindu-Arabic numerals, appearing in the lower-inner left corner of the written area beginning with the incipit page ; pagination in pencil, Western numerals, supplied during digitization.</subfield></datafield><datafield tag="500" ind1=" " ind2=" "><subfield code="a">Colophon: "Scribal," reads: "كتبه الفقير السيد عبد الله المعروف بالامام من تلاميذ عثمان افندي غفر الله ذنوبهما آمين سنة ۱۱۰۹"</subfield></datafield><datafield tag="500" ind1=" " ind2=" "><subfield code="a">Explicit: "ما رنحت عذبات البان ريح صبا واطرب العيس حادي العيس بالنغم اللهم صل وسلم على اشرف الخلق واكمل الخلق محمد واله والطاهرين اجمعين وسلم تسليما كثيرا كثيرا الى يوم الحشر والقرار ما دام الدهور والايام"</subfield></datafield><datafield tag="500" ind1=" " ind2=" "><subfield code="a">Incipit: "بسم الله الرحمن الرحيم آمن تذكر جيران بذي سلم مزجت دمعا جرى من مقلة بدم ..."</subfield></datafield><datafield tag="500" ind1=" " ind2=" "><subfield code="a">Title supplied by cataloguer.</subfield></datafield><datafield tag="500" ind1=" " ind2=" "><subfield code="a">Ms. codex.</subfield></datafield><datafield tag="510" ind1="4" ind2=" "><subfield code="a">Serin, Muhittin. “Amerika Birleşik Devletleri’ndeki Bazı Kütüphanelerde Bulunan İslam El Yazma Eserleri ve Michigan Üniversitesi II. Abdülhamid Koleksiyonu,” Akademik Araştırmalar Dergisi 2, 4-5, (2000).</subfield></datafield><datafield tag="510" ind1="4" ind2=" "><subfield code="a">Derman, M. Uğur. Letters in gold : Ottoman calligraphy from the Sakıp Sabancı collection, Istanbul. (New York : Metropolitian Museum of Art : Distributed by H.N. Abrams, c1998),</subfield><subfield code="c">p.78</subfield></datafield><datafield tag="520" ind1="8" ind2=" "><subfield code="a">Exquisite copy of al-Būṣīrī's poem in praise of the Prophet executed by the renowned Ottoman calligrapher, Seyyid Abdullah of Yedikule (Yedikuleli Seyyid Abdullah Efendi, d.1731), favorite pupil of the celebrated calligrapher Hafız Osman Efendi (d.1698).</subfield></datafield><datafield tag="538" ind1=" " ind2=" "><subfield code="a">Mode of access: Internet.</subfield></datafield><datafield tag="541" ind1=" " ind2=" "><subfield code="c">Purchase ;</subfield><subfield code="a">Acquired by purchase (funds donated by Horace Rackham).</subfield><subfield code="d">1924.</subfield></datafield><datafield tag="546" ind1=" " ind2=" "><subfield code="a">Arabic.</subfield></datafield><datafield tag="561" ind1=" " ind2=" "><subfield code="a">Inscriptions in pencil on 'title page' (p.1) "332 T. De M. [i.e. Tammaro De Marinis]" and "118" ; relatively clean copy.</subfield></datafield><datafield tag="600" ind1="0" ind2="0"><subfield code="a">Muḥammad,</subfield><subfield code="c">Prophet,</subfield><subfield code="d">-632</subfield><subfield code="v">Poetry</subfield><subfield code="v">Early works to 1800.</subfield></datafield><datafield tag="650" ind1=" " ind2="0"><subfield code="a">Manuscripts, Arabic</subfield><subfield code="z">Michigan</subfield><subfield code="z">Ann Arbor.</subfield></datafield><datafield tag="650" ind1=" " ind2="0"><subfield code="a">Islamic calligraphy</subfield><subfield code="v">Specimens.</subfield></datafield><datafield tag="650" ind1=" " ind2="0"><subfield code="a">Writing, Arabic</subfield><subfield code="v">Specimens.</subfield></datafield><datafield tag="650" ind1=" " ind2="0"><subfield code="a">Calligraphy, Arabic</subfield><subfield code="v">Specimens.</subfield></datafield><datafield tag="650" ind1=" " ind2="0"><subfield code="a">Calligraphy, Ottoman</subfield><subfield code="v">Specimens.</subfield></datafield><datafield tag="655" ind1=" " ind2="7"><subfield code="a">Headpieces (layout features)</subfield><subfield code="y">17th century.</subfield><subfield code="2">aat</subfield></datafield><datafield tag="700" ind1="0" ind2=" "><subfield code="a">Abdülhamid</subfield><subfield code="b">II,</subfield><subfield code="c">Sultan of the Turks,</subfield><subfield code="d">1842-1918,</subfield><subfield code="e">former owner.</subfield></datafield><datafield tag="700" ind1="0" ind2=" "><subfield code="6">880-05</subfield><subfield code="a">Yedikuleli Seyit Abdullah,</subfield><subfield code="d">d. 1731,</subfield><subfield code="e">calligrapher.</subfield></datafield><datafield tag="773" ind1="0" ind2=" "><subfield code="a">Abdul Hamid Collection.</subfield></datafield><datafield tag="880" ind1="0" ind2=" "><subfield code="6">700-05/</subfield><subfield code="a">يدى قله لى سيد عبد الله,</subfield><subfield code="e">خطاط.</subfield></datafield><datafield tag="880" ind1="1" ind2="2"><subfield code="6">245-03/</subfield><subfield code="a">[الكواكب الدرية في مدح خير البرية,</subfield><subfield code="f">1109ه, 1697 او 1698م].</subfield></datafield><datafield tag="880" ind1="1" ind2="0"><subfield code="6">240-02/</subfield><subfield code="a">بردة</subfield></datafield><datafield tag="880" ind1="1" ind2=" "><subfield code="6">100-01/</subfield><subfield code="a">بوصيري، شرف الدين محمد بن سعيد.</subfield></datafield><datafield tag="CID" ind1=" " ind2=" "><subfield code="a">006796026</subfield></datafield><datafield tag="DAT" ind1="0" ind2=" "><subfield code="a">20190719102636.0</subfield><subfield code="b">20190719000000.0</subfield></datafield><datafield tag="DAT" ind1="1" ind2=" "><subfield code="a">20190719090653.0</subfield><subfield code="b">2019-07-19T16:10:58Z</subfield></datafield><datafield tag="DAT" ind1="2" ind2=" "><subfield code="a">2015-10-02T18:00:03Z</subfield></datafield><datafield tag="CAT" ind1=" " ind2=" "><subfield code="a">SDR-MIU</subfield><subfield code="d">EX LIBRIS - ALEPH</subfield><subfield code="l">prepare.pl-004-008</subfield></datafield><datafield tag="FMT" ind1=" " ind2=" "><subfield code="a">BK</subfield></datafield><datafield tag="HOL" ind1=" " ind2=" "><subfield code="0">sdr-miu006796026</subfield><subfield code="a">MiU</subfield><subfield code="b">SDR</subfield><subfield code="c">MIU</subfield><subfield code="p">mdp.39015079126119</subfield><subfield code="s">MIU</subfield><subfield code="1">006796026</subfield></datafield><datafield tag="974" ind1=" " ind2=" "><subfield code="b">MIU</subfield><subfield code="c">MIU</subfield><subfield code="d">20190719</subfield><subfield code="s">lit-dlps-dc</subfield><subfield code="u">mdp.39015079126119</subfield><subfield code="y">1698</subfield><subfield code="r">pd</subfield><subfield code="q">bib</subfield><subfield code="t">non-US bib date2 &lt; 1879</subfield></datafield></record></collection>